%YAML 1.1
%TAG !u! tag:unity3d.com,2011:
--- !u!1 &103512
GameObject:
  m_ObjectHideFlags: 0
  m_PrefabParentObject: {fileID: 0}
  m_PrefabInternal: {fileID: 100100000}
  serializedVersion: 4
  m_Component:
  - 4: {fileID: 490636}
  - 33: {fileID: 3331272}
  - 23: {fileID: 2387280}
  m_Layer: 11
  m_Name: Puertas
  m_TagString: Untagged
  m_Icon: {fileID: 0}
  m_NavMeshLayer: 0
  m_StaticEditorFlags: 0
  m_IsActive: 1
--- !u!1 &108698
GameObject:
  m_ObjectHideFlags: 0
  m_PrefabParentObject: {fileID: 0}
  m_PrefabInternal: {fileID: 100100000}
  serializedVersion: 4
  m_Component:
  - 4: {fileID: 453430}
  - 33: {fileID: 3372292}
  - 23: {fileID: 2357048}
  m_Layer: 11
  m_Name: Floor
  m_TagString: Untagged
  m_Icon: {fileID: 0}
  m_NavMeshLayer: 0
  m_StaticEditorFlags: 0
  m_IsActive: 1
--- !u!1 &109336
GameObject:
  m_ObjectHideFlags: 0
  m_PrefabParentObject: {fileID: 0}
  m_PrefabInternal: {fileID: 100100000}
  serializedVersion: 4
  m_Component:
  - 4: {fileID: 471458}
  - 33: {fileID: 3361202}
  - 23: {fileID: 2398500}
  m_Layer: 11
  m_Name: Piezas
  m_TagString: Untagged
  m_Icon: {fileID: 0}
  m_NavMeshLayer: 0
  m_StaticEditorFlags: 0
  m_IsActive: 1
--- !u!1 &116226
GameObject:
  m_ObjectHideFlags: 0
  m_PrefabParentObject: {fileID: 0}
  m_PrefabInternal: {fileID: 100100000}
  serializedVersion: 4
  m_Component:
  - 4: {fileID: 414816}
  - 137: {fileID: 13701014}
  - 183: {fileID: 18317238}
  - 33: {fileID: 3322354}
  m_Layer: 11
  m_Name: Bandera4
  m_TagString: Untagged
  m_Icon: {fileID: 0}
  m_NavMeshLayer: 0
  m_StaticEditorFlags: 0
  m_IsActive: 1
--- !u!1 &124868
GameObject:
  m_ObjectHideFlags: 0
  m_PrefabParentObject: {fileID: 0}
  m_PrefabInternal: {fileID: 100100000}
  serializedVersion: 4
  m_Component:
  - 4: {fileID: 403198}
  - 137: {fileID: 13714900}
  - 183: {fileID: 18368268}
  - 33: {fileID: 3384540}
  m_Layer: 11
  m_Name: Bandera1
  m_TagString: Untagged
  m_Icon: {fileID: 0}
  m_NavMeshLayer: 0
  m_StaticEditorFlags: 0
  m_IsActive: 1
--- !u!1 &131680
GameObject:
  m_ObjectHideFlags: 0
  m_PrefabParentObject: {fileID: 0}
  m_PrefabInternal: {fileID: 100100000}
  serializedVersion: 4
  m_Component:
  - 4: {fileID: 415384}
  - 33: {fileID: 3398938}
  - 23: {fileID: 2388722}
  m_Layer: 11
  m_Name: Plano subdividido (4)
  m_TagString: Untagged
  m_Icon: {fileID: 0}
  m_NavMeshLayer: 0
  m_StaticEditorFlags: 0
  m_IsActive: 1
--- !u!1 &134196
GameObject:
  m_ObjectHideFlags: 0
  m_PrefabParentObject: {fileID: 0}
  m_PrefabInternal: {fileID: 100100000}
  serializedVersion: 4
  m_Component:
  - 4: {fileID: 474070}
  - 137: {fileID: 13794160}
  - 183: {fileID: 18341030}
  - 33: {fileID: 3329778}
  m_Layer: 11
  m_Name: Bandera2
  m_TagString: Untagged
  m_Icon: {fileID: 0}
  m_NavMeshLayer: 0
  m_StaticEditorFlags: 0
  m_IsActive: 1
--- !u!1 &142652
GameObject:
  m_ObjectHideFlags: 0
  m_PrefabParentObject: {fileID: 0}
  m_PrefabInternal: {fileID: 100100000}
  serializedVersion: 4
  m_Component:
  - 4: {fileID: 497518}
  - 33: {fileID: 3316808}
  - 23: {fileID: 2344972}
  m_Layer: 11
  m_Name: Tejado2
  m_TagString: Untagged
  m_Icon: {fileID: 0}
  m_NavMeshLayer: 0
  m_StaticEditorFlags: 0
  m_IsActive: 1
--- !u!1 &150174
GameObject:
  m_ObjectHideFlags: 0
  m_PrefabParentObject: {fileID: 0}
  m_PrefabInternal: {fileID: 100100000}
  serializedVersion: 4
  m_Component:
  - 4: {fileID: 493194}
  - 54: {fileID: 5496154}
  - 65: {fileID: 6502554}
  m_Layer: 11
  m_Name: HumanArtillery
  m_TagString: Untagged
  m_Icon: {fileID: 0}
  m_NavMeshLayer: 0
  m_StaticEditorFlags: 0
  m_IsActive: 1
--- !u!1 &155316
GameObject:
  m_ObjectHideFlags: 0
  m_PrefabParentObject: {fileID: 0}
  m_PrefabInternal: {fileID: 100100000}
  serializedVersion: 4
  m_Component:
  - 4: {fileID: 498412}
  - 33: {fileID: 3329948}
  - 23: {fileID: 2314664}
  m_Layer: 11
  m_Name: Tejado1
  m_TagString: Untagged
  m_Icon: {fileID: 0}
  m_NavMeshLayer: 0
  m_StaticEditorFlags: 0
  m_IsActive: 1
--- !u!1 &158626
GameObject:
  m_ObjectHideFlags: 0
  m_PrefabParentObject: {fileID: 0}
  m_PrefabInternal: {fileID: 100100000}
  serializedVersion: 4
  m_Component:
  - 4: {fileID: 462416}
  - 33: {fileID: 3353614}
  - 23: {fileID: 2354108}
  m_Layer: 11
  m_Name: Ventanas
  m_TagString: Untagged
  m_Icon: {fileID: 0}
  m_NavMeshLayer: 0
  m_StaticEditorFlags: 0
  m_IsActive: 1
--- !u!1 &170172
GameObject:
  m_ObjectHideFlags: 0
  m_PrefabParentObject: {fileID: 0}
  m_PrefabInternal: {fileID: 100100000}
  serializedVersion: 4
  m_Component:
  - 4: {fileID: 496696}
  - 33: {fileID: 3305130}
  - 23: {fileID: 2352414}
  m_Layer: 11
  m_Name: Main
  m_TagString: Untagged
  m_Icon: {fileID: 0}
  m_NavMeshLayer: 0
  m_StaticEditorFlags: 0
  m_IsActive: 1
--- !u!1 &189954
GameObject:
  m_ObjectHideFlags: 0
  m_PrefabParentObject: {fileID: 0}
  m_PrefabInternal: {fileID: 100100000}
  serializedVersion: 4
  m_Component:
  - 4: {fileID: 458984}
  - 137: {fileID: 13792210}
  - 183: {fileID: 18352408}
  - 33: {fileID: 3395458}
  m_Layer: 11
  m_Name: Bandera3
  m_TagString: Untagged
  m_Icon: {fileID: 0}
  m_NavMeshLayer: 0
  m_StaticEditorFlags: 0
  m_IsActive: 1
--- !u!1 &195414
GameObject:
  m_ObjectHideFlags: 0
  m_PrefabParentObject: {fileID: 0}
  m_PrefabInternal: {fileID: 100100000}
  serializedVersion: 4
  m_Component:
  - 4: {fileID: 467426}
  - 33: {fileID: 3353724}
  - 23: {fileID: 2331296}
  m_Layer: 11
  m_Name: Maderas
  m_TagString: Untagged
  m_Icon: {fileID: 0}
  m_NavMeshLayer: 0
  m_StaticEditorFlags: 0
  m_IsActive: 1
--- !u!4 &403198
Transform:
  m_ObjectHideFlags: 1
  m_PrefabParentObject: {fileID: 0}
  m_PrefabInternal: {fileID: 100100000}
  m_GameObject: {fileID: 124868}
  m_LocalRotation: {x: 0, y: 1, z: 0, w: -1.62920685e-07}
  m_LocalPosition: {x: 2.5645752, y: 2.9269104, z: 2.36450195}
  m_LocalScale: {x: .201269254, y: 1.29471505, z: .229341269}
  m_Children: []
  m_Father: {fileID: 493194}
  m_RootOrder: 8
--- !u!4 &414816
Transform:
  m_ObjectHideFlags: 1
  m_PrefabParentObject: {fileID: 0}
  m_PrefabInternal: {fileID: 100100000}
  m_GameObject: {fileID: 116226}
  m_LocalRotation: {x: 0, y: .707106829, z: 0, w: .707106709}
  m_LocalPosition: {x: -2.18145752, y: 2.9269104, z: -2.33148193}
  m_LocalScale: {x: .201269269, y: 1.29471505, z: .229341283}
  m_Children: []
  m_Father: {fileID: 493194}
  m_RootOrder: 11
--- !u!4 &415384
Transform:
  m_ObjectHideFlags: 1
  m_PrefabParentObject: {fileID: 0}
  m_PrefabInternal: {fileID: 100100000}
  m_GameObject: {fileID: 131680}
  m_LocalRotation: {x: -.707106829, y: 0, z: 0, w: .707106709}
  m_LocalPosition: {x: 0, y: 0, z: 0}
  m_LocalScale: {x: 88, y: 87.9999695, z: 87.9999619}
  m_Children: []
  m_Father: {fileID: 493194}
  m_RootOrder: 12
--- !u!4 &453430
Transform:
  m_ObjectHideFlags: 1
  m_PrefabParentObject: {fileID: 0}
  m_PrefabInternal: {fileID: 100100000}
  m_GameObject: {fileID: 108698}
  m_LocalRotation: {x: -.707106829, y: 0, z: -0, w: .707106709}
  m_LocalPosition: {x: 0, y: 0, z: 0}
  m_LocalScale: {x: 100, y: 100.000008, z: 100.000008}
  m_Children: []
  m_Father: {fileID: 493194}
  m_RootOrder: 0
--- !u!4 &458984
Transform:
  m_ObjectHideFlags: 1
  m_PrefabParentObject: {fileID: 0}
  m_PrefabInternal: {fileID: 100100000}
  m_GameObject: {fileID: 189954}
  m_LocalRotation: {x: 0, y: 0, z: 0, w: 1}
  m_LocalPosition: {x: 2.5645752, y: 2.9269104, z: -7.07049561}
  m_LocalScale: {x: .201269254, y: 1.29471505, z: .229341269}
  m_Children: []
  m_Father: {fileID: 493194}
  m_RootOrder: 10
--- !u!4 &462416
Transform:
  m_ObjectHideFlags: 1
  m_PrefabParentObject: {fileID: 0}
  m_PrefabInternal: {fileID: 100100000}
  m_GameObject: {fileID: 158626}
  m_LocalRotation: {x: -.707106829, y: 0, z: -0, w: .707106709}
  m_LocalPosition: {x: 0, y: 0, z: 0}
  m_LocalScale: {x: 100, y: 100.000008, z: 100.000008}
  m_Children: []
  m_Father: {fileID: 493194}
  m_RootOrder: 7
--- !u!4 &467426
Transform:
  m_ObjectHideFlags: 1
  m_PrefabParentObject: {fileID: 0}
  m_PrefabInternal: {fileID: 100100000}
  m_GameObject: {fileID: 195414}
  m_LocalRotation: {x: -.707106829, y: 0, z: -0, w: .707106709}
  m_LocalPosition: {x: 0, y: 0, z: 0}
  m_LocalScale: {x: 100, y: 100.000008, z: 100.000008}
  m_Children: []
  m_Father: {fileID: 493194}
  m_RootOrder: 1
--- !u!4 &471458
Transform:
  m_ObjectHideFlags: 1
  m_PrefabParentObject: {fileID: 0}
  m_PrefabInternal: {fileID: 100100000}
  m_GameObject: {fileID: 109336}
  m_LocalRotation: {x: -.707106829, y: 0, z: -0, w: .707106709}
  m_LocalPosition: {x: 0, y: 0, z: 0}
  m_LocalScale: {x: 100, y: 100.000008, z: 100.000008}
  m_Children: []
  m_Father: {fileID: 493194}
  m_RootOrder: 3
--- !u!4 &474070
Transform:
  m_ObjectHideFlags: 1
  m_PrefabParentObject: {fileID: 0}
  m_PrefabInternal: {fileID: 100100000}
  m_GameObject: {fileID: 134196}
  m_LocalRotation: {x: 0, y: -.707106829, z: 0, w: .707106709}
  m_LocalPosition: {x: 7.26751709, y: 2.9269104, z: -2.33148193}
  m_LocalScale: {x: .201269269, y: 1.29471505, z: .229341283}
  m_Children: []
  m_Father: {fileID: 493194}
  m_RootOrder: 9
--- !u!4 &490636
Transform:
  m_ObjectHideFlags: 1
  m_PrefabParentObject: {fileID: 0}
  m_PrefabInternal: {fileID: 100100000}
  m_GameObject: {fileID: 103512}
  m_LocalRotation: {x: -.707106829, y: 0, z: -0, w: .707106709}
  m_LocalPosition: {x: 0, y: 0, z: 0}
  m_LocalScale: {x: 100, y: 100.000008, z: 100.000008}
  m_Children: []
  m_Father: {fileID: 493194}
  m_RootOrder: 4
--- !u!4 &493194
Transform:
  m_ObjectHideFlags: 1
  m_PrefabParentObject: {fileID: 0}
  m_PrefabInternal: {fileID: 100100000}
  m_GameObject: {fileID: 150174}
  m_LocalRotation: {x: 0, y: .99275738, z: 0, w: .120136686}
  m_LocalPosition: {x: 513.477356, y: 79.0475464, z: 716.599976}
  m_LocalScale: {x: .800000012, y: .800000012, z: .800000012}
  m_Children:
  - {fileID: 453430}
  - {fileID: 467426}
  - {fileID: 496696}
  - {fileID: 471458}
  - {fileID: 490636}
  - {fileID: 498412}
  - {fileID: 497518}
  - {fileID: 462416}
  - {fileID: 403198}
  - {fileID: 474070}
  - {fileID: 458984}
  - {fileID: 414816}
  - {fileID: 415384}
  m_Father: {fileID: 0}
  m_RootOrder: 0
--- !u!4 &496696
Transform:
  m_ObjectHideFlags: 1
  m_PrefabParentObject: {fileID: 0}
  m_PrefabInternal: {fileID: 100100000}
  m_GameObject: {fileID: 170172}
  m_LocalRotation: {x: -.707106829, y: 0, z: -0, w: .707106709}
  m_LocalPosition: {x: 0, y: 0, z: 0}
  m_LocalScale: {x: 100, y: 100.000008, z: 100.000008}
  m_Children: []
  m_Father: {fileID: 493194}
  m_RootOrder: 2
--- !u!4 &497518
Transform:
  m_ObjectHideFlags: 1
  m_PrefabParentObject: {fileID: 0}
  m_PrefabInternal: {fileID: 100100000}
  m_GameObject: {fileID: 142652}
  m_LocalRotation: {x: -.707106829, y: 0, z: -0, w: .707106709}
  m_LocalPosition: {x: 0, y: 0, z: 0}
  m_LocalScale: {x: 100, y: 100.000008, z: 100.000008}
  m_Children: []
  m_Father: {fileID: 493194}
  m_RootOrder: 6
--- !u!4 &498412
Transform:
  m_ObjectHideFlags: 1
  m_PrefabParentObject: {fileID: 0}
  m_PrefabInternal: {fileID: 100100000}
  m_GameObject: {fileID: 155316}
  m_LocalRotation: {x: -.707106829, y: 0, z: -0, w: .707106709}
  m_LocalPosition: {x: 0, y: 0, z: 0}
  m_LocalScale: {x: 100, y: 100.000008, z: 100.000008}
  m_Children: []
  m_Father: {fileID: 493194}
  m_RootOrder: 5
--- !u!23 &2314664
MeshRenderer:
  m_ObjectHideFlags: 1
  m_PrefabParentObject: {fileID: 0}
  m_PrefabInternal: {fileID: 100100000}
  m_GameObject: {fileID: 155316}
  m_Enabled: 1
  m_CastShadows: 1
  m_ReceiveShadows: 1
  m_Materials:
  - {fileID: 2100000, guid: 5d711cfb276ae744baea99ee0bfe60c2, type: 2}
  m_SubsetIndices: 
  m_StaticBatchRoot: {fileID: 0}
  m_UseLightProbes: 1
  m_ReflectionProbeUsage: 1
  m_ProbeAnchor: {fileID: 0}
  m_ScaleInLightmap: 1
  m_PreserveUVs: 0
  m_ImportantGI: 0
  m_AutoUVMaxDistance: .5
  m_AutoUVMaxAngle: 89
  m_LightmapParameters: {fileID: 0}
  m_SortingLayerID: 0
  m_SortingOrder: 0
--- !u!23 &2331296
MeshRenderer:
  m_ObjectHideFlags: 1
  m_PrefabParentObject: {fileID: 0}
  m_PrefabInternal: {fileID: 100100000}
  m_GameObject: {fileID: 195414}
  m_Enabled: 1
  m_CastShadows: 1
  m_ReceiveShadows: 1
  m_Materials:
  - {fileID: 2100000, guid: 1411c620100855a478b33161c012b608, type: 2}
  m_SubsetIndices: 
  m_StaticBatchRoot: {fileID: 0}
  m_UseLightProbes: 1
  m_ReflectionProbeUsage: 1
  m_ProbeAnchor: {fileID: 0}
  m_ScaleInLightmap: 1
  m_PreserveUVs: 0
  m_ImportantGI: 0
  m_AutoUVMaxDistance: .5
  m_AutoUVMaxAngle: 89
  m_LightmapParameters: {fileID: 0}
  m_SortingLayerID: 0
  m_SortingOrder: 0
--- !u!23 &2344972
MeshRenderer:
  m_ObjectHideFlags: 1
  m_PrefabParentObject: {fileID: 0}
  m_PrefabInternal: {fileID: 100100000}
  m_GameObject: {fileID: 142652}
  m_Enabled: 1
  m_CastShadows: 1
  m_ReceiveShadows: 1
  m_Materials:
  - {fileID: 2100000, guid: 1411c620100855a478b33161c012b608, type: 2}
  m_SubsetIndices: 
  m_StaticBatchRoot: {fileID: 0}
  m_UseLightProbes: 1
  m_ReflectionProbeUsage: 1
  m_ProbeAnchor: {fileID: 0}
  m_ScaleInLightmap: 1
  m_PreserveUVs: 0
  m_ImportantGI: 0
  m_AutoUVMaxDistance: .5
  m_AutoUVMaxAngle: 89
  m_LightmapParameters: {fileID: 0}
  m_SortingLayerID: 0
  m_SortingOrder: 0
--- !u!23 &2352414
MeshRenderer:
  m_ObjectHideFlags: 1
  m_PrefabParentObject: {fileID: 0}
  m_PrefabInternal: {fileID: 100100000}
  m_GameObject: {fileID: 170172}
  m_Enabled: 1
  m_CastShadows: 1
  m_ReceiveShadows: 1
  m_Materials:
  - {fileID: 2100000, guid: 0659f9f8a7f150a4ab4985708cc55c12, type: 2}
  m_SubsetIndices: 
  m_StaticBatchRoot: {fileID: 0}
  m_UseLightProbes: 1
  m_ReflectionProbeUsage: 1
  m_ProbeAnchor: {fileID: 0}
  m_ScaleInLightmap: 1
  m_PreserveUVs: 0
  m_ImportantGI: 0
  m_AutoUVMaxDistance: .5
  m_AutoUVMaxAngle: 89
  m_LightmapParameters: {fileID: 0}
  m_SortingLayerID: 0
  m_SortingOrder: 0
--- !u!23 &2354108
MeshRenderer:
  m_ObjectHideFlags: 1
  m_PrefabParentObject: {fileID: 0}
  m_PrefabInternal: {fileID: 100100000}
  m_GameObject: {fileID: 158626}
  m_Enabled: 1
  m_CastShadows: 1
  m_ReceiveShadows: 1
  m_Materials:
  - {fileID: 2100000, guid: e1b39223ba6a14d4e918098f23356d8e, type: 2}
  m_SubsetIndices: 
  m_StaticBatchRoot: {fileID: 0}
  m_UseLightProbes: 1
  m_ReflectionProbeUsage: 1
  m_ProbeAnchor: {fileID: 0}
  m_ScaleInLightmap: 1
  m_PreserveUVs: 0
  m_ImportantGI: 0
  m_AutoUVMaxDistance: .5
  m_AutoUVMaxAngle: 89
  m_LightmapParameters: {fileID: 0}
  m_SortingLayerID: 0
  m_SortingOrder: 0
--- !u!23 &2357048
MeshRenderer:
  m_ObjectHideFlags: 1
  m_PrefabParentObject: {fileID: 0}
  m_PrefabInternal: {fileID: 100100000}
  m_GameObject: {fileID: 108698}
  m_Enabled: 1
  m_CastShadows: 1
  m_ReceiveShadows: 1
  m_Materials:
  - {fileID: 2100000, guid: 9b8aedae11d20c244b4e6b2e68fb68dd, type: 2}
  m_SubsetIndices: 
  m_StaticBatchRoot: {fileID: 0}
  m_UseLightProbes: 1
  m_ReflectionProbeUsage: 1
  m_ProbeAnchor: {fileID: 0}
  m_ScaleInLightmap: 1
  m_PreserveUVs: 0
  m_ImportantGI: 0
  m_AutoUVMaxDistance: .5
  m_AutoUVMaxAngle: 89
  m_LightmapParameters: {fileID: 0}
  m_SortingLayerID: 0
  m_SortingOrder: 0
--- !u!23 &2387280
MeshRenderer:
  m_ObjectHideFlags: 1
  m_PrefabParentObject: {fileID: 0}
  m_PrefabInternal: {fileID: 100100000}
  m_GameObject: {fileID: 103512}
  m_Enabled: 1
  m_CastShadows: 1
  m_ReceiveShadows: 1
  m_Materials:
  - {fileID: 2100000, guid: e96b76e675f772b409822f86ba3dc44e, type: 2}
  m_SubsetIndices: 
  m_StaticBatchRoot: {fileID: 0}
  m_UseLightProbes: 1
  m_ReflectionProbeUsage: 1
  m_ProbeAnchor: {fileID: 0}
  m_ScaleInLightmap: 1
  m_PreserveUVs: 0
  m_ImportantGI: 0
  m_AutoUVMaxDistance: .5
  m_AutoUVMaxAngle: 89
  m_LightmapParameters: {fileID: 0}
  m_SortingLayerID: 0
  m_SortingOrder: 0
--- !u!23 &2388722
MeshRenderer:
  m_ObjectHideFlags: 1
  m_PrefabParentObject: {fileID: 0}
  m_PrefabInternal: {fileID: 100100000}
  m_GameObject: {fileID: 131680}
  m_Enabled: 1
  m_CastShadows: 1
  m_ReceiveShadows: 1
  m_Materials:
  - {fileID: 2100000, guid: 2e3b5f2b9b7c293418023055f4135bda, type: 2}
  m_SubsetIndices: 
  m_StaticBatchRoot: {fileID: 0}
  m_UseLightProbes: 1
  m_ReflectionProbeUsage: 1
  m_ProbeAnchor: {fileID: 0}
  m_ScaleInLightmap: 1
  m_PreserveUVs: 0
  m_ImportantGI: 0
  m_AutoUVMaxDistance: .5
  m_AutoUVMaxAngle: 89
  m_LightmapParameters: {fileID: 0}
  m_SortingLayerID: 0
  m_SortingOrder: 0
--- !u!23 &2398500
MeshRenderer:
  m_ObjectHideFlags: 1
  m_PrefabParentObject: {fileID: 0}
  m_PrefabInternal: {fileID: 100100000}
  m_GameObject: {fileID: 109336}
  m_Enabled: 1
  m_CastShadows: 1
  m_ReceiveShadows: 1
  m_Materials:
  - {fileID: 2100000, guid: 0659f9f8a7f150a4ab4985708cc55c12, type: 2}
  - {fileID: 2100000, guid: 1411c620100855a478b33161c012b608, type: 2}
  m_SubsetIndices: 
  m_StaticBatchRoot: {fileID: 0}
  m_UseLightProbes: 1
  m_ReflectionProbeUsage: 1
  m_ProbeAnchor: {fileID: 0}
  m_ScaleInLightmap: 1
  m_PreserveUVs: 0
  m_ImportantGI: 0
  m_AutoUVMaxDistance: .5
  m_AutoUVMaxAngle: 89
  m_LightmapParameters: {fileID: 0}
  m_SortingLayerID: 0
  m_SortingOrder: 0
--- !u!33 &3305130
MeshFilter:
  m_ObjectHideFlags: 1
  m_PrefabParentObject: {fileID: 0}
  m_PrefabInternal: {fileID: 100100000}
  m_GameObject: {fileID: 170172}
  m_Mesh: {fileID: 4300006, guid: c09a0b386e4ab2d44b4a2911986a0ee7, type: 3}
--- !u!33 &3316808
MeshFilter:
  m_ObjectHideFlags: 1
  m_PrefabParentObject: {fileID: 0}
  m_PrefabInternal: {fileID: 100100000}
  m_GameObject: {fileID: 142652}
  m_Mesh: {fileID: 4300002, guid: c09a0b386e4ab2d44b4a2911986a0ee7, type: 3}
--- !u!33 &3322354
MeshFilter:
  m_ObjectHideFlags: 1
  m_PrefabParentObject: {fileID: 0}
  m_PrefabInternal: {fileID: 100100000}
  m_GameObject: {fileID: 116226}
  m_Mesh: {fileID: 4300018, guid: 987fb5b5b0864574da171ed986d2b282, type: 3}
--- !u!33 &3329778
MeshFilter:
  m_ObjectHideFlags: 1
  m_PrefabParentObject: {fileID: 0}
  m_PrefabInternal: {fileID: 100100000}
  m_GameObject: {fileID: 134196}
  m_Mesh: {fileID: 4300018, guid: 987fb5b5b0864574da171ed986d2b282, type: 3}
--- !u!33 &3329948
MeshFilter:
  m_ObjectHideFlags: 1
  m_PrefabParentObject: {fileID: 0}
  m_PrefabInternal: {fileID: 100100000}
  m_GameObject: {fileID: 155316}
  m_Mesh: {fileID: 4300004, guid: c09a0b386e4ab2d44b4a2911986a0ee7, type: 3}
--- !u!33 &3331272
MeshFilter:
  m_ObjectHideFlags: 1
  m_PrefabParentObject: {fileID: 0}
  m_PrefabInternal: {fileID: 100100000}
  m_GameObject: {fileID: 103512}
  m_Mesh: {fileID: 4300008, guid: c09a0b386e4ab2d44b4a2911986a0ee7, type: 3}
--- !u!33 &3353614
MeshFilter:
  m_ObjectHideFlags: 1
  m_PrefabParentObject: {fileID: 0}
  m_PrefabInternal: {fileID: 100100000}
  m_GameObject: {fileID: 158626}
  m_Mesh: {fileID: 4300014, guid: c09a0b386e4ab2d44b4a2911986a0ee7, type: 3}
--- !u!33 &3353724
MeshFilter:
  m_ObjectHideFlags: 1
  m_PrefabParentObject: {fileID: 0}
  m_PrefabInternal: {fileID: 100100000}
  m_GameObject: {fileID: 195414}
  m_Mesh: {fileID: 4300010, guid: c09a0b386e4ab2d44b4a2911986a0ee7, type: 3}
--- !u!33 &3361202
MeshFilter:
  m_ObjectHideFlags: 1
  m_PrefabParentObject: {fileID: 0}
  m_PrefabInternal: {fileID: 100100000}
  m_GameObject: {fileID: 109336}
  m_Mesh: {fileID: 4300016, guid: c09a0b386e4ab2d44b4a2911986a0ee7, type: 3}
--- !u!33 &3372292
MeshFilter:
  m_ObjectHideFlags: 1
  m_PrefabParentObject: {fileID: 0}
  m_PrefabInternal: {fileID: 100100000}
  m_GameObject: {fileID: 108698}
  m_Mesh: {fileID: 4300000, guid: c09a0b386e4ab2d44b4a2911986a0ee7, type: 3}
--- !u!33 &3384540
MeshFilter:
  m_ObjectHideFlags: 1
  m_PrefabParentObject: {fileID: 0}
  m_PrefabInternal: {fileID: 100100000}
  m_GameObject: {fileID: 124868}
  m_Mesh: {fileID: 4300018, guid: 987fb5b5b0864574da171ed986d2b282, type: 3}
--- !u!33 &3395458
MeshFilter:
  m_ObjectHideFlags: 1
  m_PrefabParentObject: {fileID: 0}
  m_PrefabInternal: {fileID: 100100000}
  m_GameObject: {fileID: 189954}
  m_Mesh: {fileID: 4300018, guid: 987fb5b5b0864574da171ed986d2b282, type: 3}
--- !u!33 &3398938
MeshFilter:
  m_ObjectHideFlags: 1
  m_PrefabParentObject: {fileID: 0}
  m_PrefabInternal: {fileID: 100100000}
  m_GameObject: {fileID: 131680}
  m_Mesh: {fileID: 4300000, guid: 4ed8ba4282c26164bb0f77f7b177ae38, type: 3}
--- !u!54 &5496154
Rigidbody:
  m_ObjectHideFlags: 1
  m_PrefabParentObject: {fileID: 0}
  m_PrefabInternal: {fileID: 100100000}
  m_GameObject: {fileID: 150174}
  serializedVersion: 2
  m_Mass: 1
  m_Drag: 0
  m_AngularDrag: .0500000007
  m_UseGravity: 1
  m_IsKinematic: 0
  m_Interpolate: 0
  m_Constraints: 126
  m_CollisionDetection: 0
--- !u!65 &6502554
BoxCollider:
  m_ObjectHideFlags: 1
  m_PrefabParentObject: {fileID: 0}
  m_PrefabInternal: {fileID: 100100000}
  m_GameObject: {fileID: 150174}
  m_Material: {fileID: 0}
  m_IsTrigger: 0
  m_Enabled: 1
  serializedVersion: 2
  m_Size: {x: 14.5, y: 6, z: 14.5}
  m_Center: {x: 0, y: 2.95000005, z: 0}
--- !u!137 &13701014
SkinnedMeshRenderer:
  m_ObjectHideFlags: 1
  m_PrefabParentObject: {fileID: 0}
  m_PrefabInternal: {fileID: 100100000}
  m_GameObject: {fileID: 116226}
  m_Enabled: 0
  m_CastShadows: 1
  m_ReceiveShadows: 1
  m_Materials:
  - {fileID: 2100000, guid: f33b3981c28f86b42a485664697e51ca, type: 2}
  m_SubsetIndices: 
  m_StaticBatchRoot: {fileID: 0}
  m_UseLightProbes: 1
  m_ReflectionProbeUsage: 1
  m_ProbeAnchor: {fileID: 0}
  m_ScaleInLightmap: 1
  m_PreserveUVs: 0
  m_ImportantGI: 0
  m_AutoUVMaxDistance: .5
  m_AutoUVMaxAngle: 89
  m_LightmapParameters: {fileID: 0}
  m_SortingLayerID: 0
  m_SortingOrder: 0
  serializedVersion: 2
  m_Quality: 0
  m_UpdateWhenOffscreen: 0
  m_Mesh: {fileID: 10209, guid: 0000000000000000e000000000000000, type: 0}
  m_Bones: []
  m_BlendShapeWeights: []
  m_RootBone: {fileID: 0}
  m_AABB:
    m_Center: {x: -.000244140625, y: 7.62939453e-06, z: .000244140625}
    m_Extent: {x: 7.63962603, y: 0, z: 7.03291512}
  m_DirtyAABB: 0
--- !u!137 &13714900
SkinnedMeshRenderer:
  m_ObjectHideFlags: 1
  m_PrefabParentObject: {fileID: 0}
  m_PrefabInternal: {fileID: 100100000}
  m_GameObject: {fileID: 124868}
  m_Enabled: 0
  m_CastShadows: 1
  m_ReceiveShadows: 1
  m_Materials:
  - {fileID: 2100000, guid: f33b3981c28f86b42a485664697e51ca, type: 2}
  m_SubsetIndices: 
  m_StaticBatchRoot: {fileID: 0}
  m_UseLightProbes: 1
  m_ReflectionProbeUsage: 1
  m_ProbeAnchor: {fileID: 0}
  m_ScaleInLightmap: 1
  m_PreserveUVs: 0
  m_ImportantGI: 0
  m_AutoUVMaxDistance: .5
  m_AutoUVMaxAngle: 89
  m_LightmapParameters: {fileID: 0}
  m_SortingLayerID: 0
  m_SortingOrder: 0
  serializedVersion: 2
  m_Quality: 0
  m_UpdateWhenOffscreen: 0
  m_Mesh: {fileID: 10209, guid: 0000000000000000e000000000000000, type: 0}
  m_Bones: []
  m_BlendShapeWeights: []
  m_RootBone: {fileID: 0}
  m_AABB:
    m_Center: {x: -.000244140625, y: 7.62939453e-06, z: 0}
    m_Extent: {x: 7.6396718, y: 0, z: 7.03307772}
  m_DirtyAABB: 0
--- !u!137 &13792210
SkinnedMeshRenderer:
  m_ObjectHideFlags: 1
  m_PrefabParentObject: {fileID: 0}
  m_PrefabInternal: {fileID: 100100000}
  m_GameObject: {fileID: 189954}
  m_Enabled: 0
  m_CastShadows: 1
  m_ReceiveShadows: 1
  m_Materials:
  - {fileID: 2100000, guid: f33b3981c28f86b42a485664697e51ca, type: 2}
  m_SubsetIndices: 
  m_StaticBatchRoot: {fileID: 0}
  m_UseLightProbes: 1
  m_ReflectionProbeUsage: 1
  m_ProbeAnchor: {fileID: 0}
  m_ScaleInLightmap: 1
  m_PreserveUVs: 0
  m_ImportantGI: 0
  m_AutoUVMaxDistance: .5
  m_AutoUVMaxAngle: 89
  m_LightmapParameters: {fileID: 0}
  m_SortingLayerID: 0
  m_SortingOrder: 0
  serializedVersion: 2
  m_Quality: 0
  m_UpdateWhenOffscreen: 0
  m_Mesh: {fileID: 10209, guid: 0000000000000000e000000000000000, type: 0}
  m_Bones: []
  m_BlendShapeWeights: []
  m_RootBone: {fileID: 0}
  m_AABB:
    m_Center: {x: .000244140625, y: 7.62939453e-06, z: 0}
    m_Extent: {x: 7.63967323, y: 0, z: 7.03307915}
  m_DirtyAABB: 0
--- !u!137 &13794160
SkinnedMeshRenderer:
  m_ObjectHideFlags: 1
  m_PrefabParentObject: {fileID: 0}
  m_PrefabInternal: {fileID: 100100000}
  m_GameObject: {fileID: 134196}
  m_Enabled: 0
  m_CastShadows: 1
  m_ReceiveShadows: 1
  m_Materials:
  - {fileID: 2100000, guid: f33b3981c28f86b42a485664697e51ca, type: 2}
  m_SubsetIndices: 
  m_StaticBatchRoot: {fileID: 0}
  m_UseLightProbes: 1
  m_ReflectionProbeUsage: 1
  m_ProbeAnchor: {fileID: 0}
  m_ScaleInLightmap: 1
  m_PreserveUVs: 0
  m_ImportantGI: 0
  m_AutoUVMaxDistance: .5
  m_AutoUVMaxAngle: 89
  m_LightmapParameters: {fileID: 0}
  m_SortingLayerID: 0
  m_SortingOrder: 0
  serializedVersion: 2
  m_Quality: 0
  m_UpdateWhenOffscreen: 0
  m_Mesh: {fileID: 10209, guid: 0000000000000000e000000000000000, type: 0}
  m_Bones: []
  m_BlendShapeWeights: []
  m_RootBone: {fileID: 0}
  m_AABB:
    m_Center: {x: 0, y: 7.62939453e-06, z: 0}
    m_Extent: {x: 7.63962746, y: 0, z: 7.03291607}
  m_DirtyAABB: 0
--- !u!183 &18317238
Cloth:
  m_ObjectHideFlags: 1
  m_PrefabParentObject: {fileID: 0}
  m_PrefabInternal: {fileID: 100100000}
  m_GameObject: {fileID: 116226}
  m_Enabled: 1
  m_StretchingStiffness: .699999988
  m_BendingStiffness: .699999988
  m_UseTethers: 1
  m_UseGravity: 1
  m_Damping: 0
  m_ExternalAcceleration: {x: 10, y: 0, z: 20}
  m_RandomAcceleration: {x: 5, y: 0, z: 25}
  m_WorldVelocityScale: .5
  m_WorldAccelerationScale: 1
  m_Friction: .5
  m_CollisionMassScale: 0
  m_UseContinuousCollision: 1
  m_UseVirtualParticles: 1
  m_SolverFrequency: 120
  m_SleepThreshold: .100000001
  m_Coefficients:
  - maxDistance: .200000003
    collisionSphereDistance: 0
  - maxDistance: 3.40282347e+38
    collisionSphereDistance: 3.40282347e+38
  - maxDistance: 3.40282347e+38
    collisionSphereDistance: 3.40282347e+38
  - maxDistance: 3.40282347e+38
    collisionSphereDistance: 3.40282347e+38
  - maxDistance: 3.40282347e+38
    collisionSphereDistance: 3.40282347e+38
  - maxDistance: 3.40282347e+38
    collisionSphereDistance: 3.40282347e+38
  - maxDistance: 3.40282347e+38
    collisionSphereDistance: 3.40282347e+38
  - maxDistance: 3.40282347e+38
    collisionSphereDistance: 3.40282347e+38
  - maxDistance: 3.40282347e+38
    collisionSphereDistance: 3.40282347e+38
  - maxDistance: 3.40282347e+38
    collisionSphereDistance: 3.40282347e+38
  - maxDistance: .200000003
    collisionSphereDistance: 0
  - maxDistance: .200000003
    collisionSphereDistance: 0
  - maxDistance: 3.40282347e+38
    collisionSphereDistance: 3.40282347e+38
  - maxDistance: 3.40282347e+38
    collisionSphereDistance: 3.40282347e+38
  - maxDistance: 3.40282347e+38
    collisionSphereDistance: 3.40282347e+38
  - maxDistance: 3.40282347e+38
    collisionSphereDistance: 3.40282347e+38
  - maxDistance: 3.40282347e+38
    collisionSphereDistance: 3.40282347e+38
  - maxDistance: 3.40282347e+38
    collisionSphereDistance: 3.40282347e+38
  - maxDistance: 3.40282347e+38
    collisionSphereDistance: 3.40282347e+38
  - maxDistance: 3.40282347e+38
    collisionSphereDistance: 3.40282347e+38
  - maxDistance: 3.40282347e+38
    collisionSphereDistance: 3.40282347e+38
  - maxDistance: .200000003
    collisionSphereDistance: 0
  - maxDistance: .200000003
    collisionSphereDistance: 0
  - maxDistance: 3.40282347e+38
    collisionSphereDistance: 3.40282347e+38
  - maxDistance: 3.40282347e+38
    collisionSphereDistance: 3.40282347e+38
  - maxDistance: 3.40282347e+38
    collisionSphereDistance: 3.40282347e+38
  - maxDistance: 3.40282347e+38
    collisionSphereDistance: 3.40282347e+38
  - maxDistance: 3.40282347e+38
    collisionSphereDistance: 3.40282347e+38
  - maxDistance: 3.40282347e+38
    collisionSphereDistance: 3.40282347e+38
  - maxDistance: 3.40282347e+38
    collisionSphereDistance: 3.40282347e+38
  - maxDistance: 3.40282347e+38
    collisionSphereDistance: 3.40282347e+38
  - maxDistance: 3.40282347e+38
    collisionSphereDistance: 3.40282347e+38
  - maxDistance: .200000003
    collisionSphereDistance: 0
  - maxDistance: .200000003
    collisionSphereDistance: 0
  - maxDistance: 3.40282347e+38
    collisionSphereDistance: 3.40282347e+38
  - maxDistance: 3.40282347e+38
    collisionSphereDistance: 3.40282347e+38
  - maxDistance: 3.40282347e+38
    collisionSphereDistance: 3.40282347e+38
  - maxDistance: 3.40282347e+38
    collisionSphereDistance: 3.40282347e+38
  - maxDistance: 3.40282347e+38
    collisionSphereDistance: 3.40282347e+38
  - maxDistance: 3.40282347e+38
    collisionSphereDistance: 3.40282347e+38
  - maxDistance: 3.40282347e+38
    collisionSphereDistance: 3.40282347e+38
  - maxDistance: 3.40282347e+38
    collisionSphereDistance: 3.40282347e+38
  - maxDistance: 3.40282347e+38
    collisionSphereDistance: 3.40282347e+38
  - maxDistance: .200000003
    collisionSphereDistance: 0
  - maxDistance: .200000003
    collisionSphereDistance: 0
  - maxDistance: 3.40282347e+38
    collisionSphereDistance: 3.40282347e+38
  - maxDistance: 3.40282347e+38
    collisionSphereDistance: 3.40282347e+38
  - maxDistance: 3.40282347e+38
    collisionSphereDistance: 3.40282347e+38
  - maxDistance: 3.40282347e+38
    collisionSphereDistance: 3.40282347e+38
  - maxDistance: 3.40282347e+38
    collisionSphereDistance: 3.40282347e+38
  - maxDistance: 3.40282347e+38
    collisionSphereDistance: 3.40282347e+38
  - maxDistance: 3.40282347e+38
    collisionSphereDistance: 3.40282347e+38
  - maxDistance: 3.40282347e+38
    collisionSphereDistance: 3.40282347e+38
  - maxDistance: 3.40282347e+38
    collisionSphereDistance: 3.40282347e+38
  - maxDistance: .200000003
    collisionSphereDistance: 0
  - maxDistance: .200000003
    collisionSphereDistance: 0
  - maxDistance: 3.40282347e+38
    collisionSphereDistance: 3.40282347e+38
  - maxDistance: 3.40282347e+38
    collisionSphereDistance: 3.40282347e+38
  - maxDistance: 3.40282347e+38
    collisionSphereDistance: 3.40282347e+38
  - maxDistance: 3.40282347e+38
    collisionSphereDistance: 3.40282347e+38
  - maxDistance: 3.40282347e+38
    collisionSphereDistance: 3.40282347e+38
  - maxDistance: 3.40282347e+38
    collisionSphereDistance: 3.40282347e+38
  - maxDistance: 3.40282347e+38
    collisionSphereDistance: 3.40282347e+38
  - maxDistance: 3.40282347e+38
    collisionSphereDistance: 3.40282347e+38
  - maxDistance: 3.40282347e+38
    collisionSphereDistance: 3.40282347e+38
  - maxDistance: .200000003
    collisionSphereDistance: 0
  - maxDistance: .200000003
    collisionSphereDistance: 0
  - maxDistance: 3.40282347e+38
    collisionSphereDistance: 3.40282347e+38
  - maxDistance: 3.40282347e+38
    collisionSphereDistance: 3.40282347e+38
  - maxDistance: 3.40282347e+38
    collisionSphereDistance: 3.40282347e+38
  - maxDistance: 3.40282347e+38
    collisionSphereDistance: 3.40282347e+38
  - maxDistance: 3.40282347e+38
    collisionSphereDistance: 3.40282347e+38
  - maxDistance: 3.40282347e+38
    collisionSphereDistance: 3.40282347e+38
  - maxDistance: 3.40282347e+38
    collisionSphereDistance: 3.40282347e+38
  - maxDistance: 3.40282347e+38
    collisionSphereDistance: 3.40282347e+38
  - maxDistance: 3.40282347e+38
    collisionSphereDistance: 3.40282347e+38
  - maxDistance: .200000003
    collisionSphereDistance: 0
  - maxDistance: .200000003
    collisionSphereDistance: 0
  - maxDistance: 3.40282347e+38
    collisionSphereDistance: 3.40282347e+38
  - maxDistance: 3.40282347e+38
    collisionSphereDistance: 3.40282347e+38
  - maxDistance: 3.40282347e+38
    collisionSphereDistance: 3.40282347e+38
  - maxDistance: 3.40282347e+38
    collisionSphereDistance: 3.40282347e+38
  - maxDistance: 3.40282347e+38
    collisionSphereDistance: 3.40282347e+38
  - maxDistance: 3.40282347e+38
    collisionSphereDistance: 3.40282347e+38
  - maxDistance: 3.40282347e+38
    collisionSphereDistance: 3.40282347e+38
  - maxDistance: 3.40282347e+38
    collisionSphereDistance: 3.40282347e+38
  - maxDistance: 3.40282347e+38
    collisionSphereDistance: 3.40282347e+38
  - maxDistance: .200000003
    collisionSphereDistance: 0
  - maxDistance: .200000003
    collisionSphereDistance: 0
  - maxDistance: 3.40282347e+38
    collisionSphereDistance: 3.40282347e+38
  - maxDistance: 3.40282347e+38
    collisionSphereDistance: 3.40282347e+38
  - maxDistance: 3.40282347e+38
    collisionSphereDistance: 3.40282347e+38
  - maxDistance: 3.40282347e+38
    collisionSphereDistance: 3.40282347e+38
  - maxDistance: 3.40282347e+38
    collisionSphereDistance: 3.40282347e+38
  - maxDistance: 3.40282347e+38
    collisionSphereDistance: 3.40282347e+38
  - maxDistance: 3.40282347e+38
    collisionSphereDistance: 3.40282347e+38
  - maxDistance: 3.40282347e+38
    collisionSphereDistance: 3.40282347e+38
  - maxDistance: 3.40282347e+38
    collisionSphereDistance: 3.40282347e+38
  - maxDistance: .200000003
    collisionSphereDistance: 0
  - maxDistance: .200000003
    collisionSphereDistance: 0
  - maxDistance: 3.40282347e+38
    collisionSphereDistance: 3.40282347e+38
  - maxDistance: 3.40282347e+38
    collisionSphereDistance: 3.40282347e+38
  - maxDistance: 3.40282347e+38
    collisionSphereDistance: 3.40282347e+38
  - maxDistance: 3.40282347e+38
    collisionSphereDistance: 3.40282347e+38
  - maxDistance: 3.40282347e+38
    collisionSphereDistance: 3.40282347e+38
  - maxDistance: 3.40282347e+38
    collisionSphereDistance: 3.40282347e+38
  - maxDistance: 3.40282347e+38
    collisionSphereDistance: 3.40282347e+38
  - maxDistance: 3.40282347e+38
    collisionSphereDistance: 3.40282347e+38
  - maxDistance: 3.40282347e+38
    collisionSphereDistance: 3.40282347e+38
  - maxDistance: .200000003
    collisionSphereDistance: 0
  - maxDistance: .200000003
    collisionSphereDistance: 0
  - maxDistance: 3.40282347e+38
    collisionSphereDistance: 3.40282347e+38
  - maxDistance: 3.40282347e+38
    collisionSphereDistance: 3.40282347e+38
  - maxDistance: 3.40282347e+38
    collisionSphereDistance: 3.40282347e+38
  - maxDistance: 3.40282347e+38
    collisionSphereDistance: 3.40282347e+38
  - maxDistance: 3.40282347e+38
    collisionSphereDistance: 3.40282347e+38
  - maxDistance: 3.40282347e+38
    collisionSphereDistance: 3.40282347e+38
  - maxDistance: 3.40282347e+38
    collisionSphereDistance: 3.40282347e+38
  - maxDistance: 3.40282347e+38
    collisionSphereDistance: 3.40282347e+38
  - maxDistance: 3.40282347e+38
    collisionSphereDistance: 3.40282347e+38
  - maxDistance: .200000003
    collisionSphereDistance: 0
  m_CapsuleColliders: []
  m_SphereColliders: []
--- !u!183 &18341030
Cloth:
  m_ObjectHideFlags: 1
  m_PrefabParentObject: {fileID: 0}
  m_PrefabInternal: {fileID: 100100000}
  m_GameObject: {fileID: 134196}
  m_Enabled: 1
  m_StretchingStiffness: .699999988
  m_BendingStiffness: .699999988
  m_UseTethers: 1
  m_UseGravity: 1
  m_Damping: 0
  m_ExternalAcceleration: {x: 10, y: 0, z: 20}
  m_RandomAcceleration: {x: 5, y: 0, z: 25}
  m_WorldVelocityScale: .5
  m_WorldAccelerationScale: 1
  m_Friction: .5
  m_CollisionMassScale: 0
  m_UseContinuousCollision: 1
  m_UseVirtualParticles: 1
  m_SolverFrequency: 120
  m_SleepThreshold: .100000001
  m_Coefficients:
  - maxDistance: .200000003
    collisionSphereDistance: 0
  - maxDistance: 3.40282347e+38
    collisionSphereDistance: 3.40282347e+38
  - maxDistance: 3.40282347e+38
    collisionSphereDistance: 3.40282347e+38
  - maxDistance: 3.40282347e+38
    collisionSphereDistance: 3.40282347e+38
  - maxDistance: 3.40282347e+38
    collisionSphereDistance: 3.40282347e+38
  - maxDistance: 3.40282347e+38
    collisionSphereDistance: 3.40282347e+38
  - maxDistance: 3.40282347e+38
    collisionSphereDistance: 3.40282347e+38
  - maxDistance: 3.40282347e+38
    collisionSphereDistance: 3.40282347e+38
  - maxDistance: 3.40282347e+38
    collisionSphereDistance: 3.40282347e+38
  - maxDistance: 3.40282347e+38
    collisionSphereDistance: 3.40282347e+38
  - maxDistance: .200000003
    collisionSphereDistance: 0
  - maxDistance: .200000003
    collisionSphereDistance: 0
  - maxDistance: 3.40282347e+38
    collisionSphereDistance: 3.40282347e+38
  - maxDistance: 3.40282347e+38
    collisionSphereDistance: 3.40282347e+38
  - maxDistance: 3.40282347e+38
    collisionSphereDistance: 3.40282347e+38
  - maxDistance: 3.40282347e+38
    collisionSphereDistance: 3.40282347e+38
  - maxDistance: 3.40282347e+38
    collisionSphereDistance: 3.40282347e+38
  - maxDistance: 3.40282347e+38
    collisionSphereDistance: 3.40282347e+38
  - maxDistance: 3.40282347e+38
    collisionSphereDistance: 3.40282347e+38
  - maxDistance: 3.40282347e+38
    collisionSphereDistance: 3.40282347e+38
  - maxDistance: 3.40282347e+38
    collisionSphereDistance: 3.40282347e+38
  - maxDistance: .200000003
    collisionSphereDistance: 0
  - maxDistance: .200000003
    collisionSphereDistance: 0
  - maxDistance: 3.40282347e+38
    collisionSphereDistance: 3.40282347e+38
  - maxDistance: 3.40282347e+38
    collisionSphereDistance: 3.40282347e+38
  - maxDistance: 3.40282347e+38
    collisionSphereDistance: 3.40282347e+38
  - maxDistance: 3.40282347e+38
    collisionSphereDistance: 3.40282347e+38
  - maxDistance: 3.40282347e+38
    collisionSphereDistance: 3.40282347e+38
  - maxDistance: 3.40282347e+38
    collisionSphereDistance: 3.40282347e+38
  - maxDistance: 3.40282347e+38
    collisionSphereDistance: 3.40282347e+38
  - maxDistance: 3.40282347e+38
    collisionSphereDistance: 3.40282347e+38
  - maxDistance: 3.40282347e+38
    collisionSphereDistance: 3.40282347e+38
  - maxDistance: .200000003
    collisionSphereDistance: 0
  - maxDistance: .200000003
    collisionSphereDistance: 0
  - maxDistance: 3.40282347e+38
    collisionSphereDistance: 3.40282347e+38
  - maxDistance: 3.40282347e+38
    collisionSphereDistance: 3.40282347e+38
  - maxDistance: 3.40282347e+38
    collisionSphereDistance: 3.40282347e+38
  - maxDistance: 3.40282347e+38
    collisionSphereDistance: 3.40282347e+38
  - maxDistance: 3.40282347e+38
    collisionSphereDistance: 3.40282347e+38
  - maxDistance: 3.40282347e+38
    collisionSphereDistance: 3.40282347e+38
  - maxDistance: 3.40282347e+38
    collisionSphereDistance: 3.40282347e+38
  - maxDistance: 3.40282347e+38
    collisionSphereDistance: 3.40282347e+38
  - maxDistance: 3.40282347e+38
    collisionSphereDistance: 3.40282347e+38
  - maxDistance: .200000003
    collisionSphereDistance: 0
  - maxDistance: .200000003
    collisionSphereDistance: 0
  - maxDistance: 3.40282347e+38
    collisionSphereDistance: 3.40282347e+38
  - maxDistance: 3.40282347e+38
    collisionSphereDistance: 3.40282347e+38
  - maxDistance: 3.40282347e+38
    collisionSphereDistance: 3.40282347e+38
  - maxDistance: 3.40282347e+38
    collisionSphereDistance: 3.40282347e+38
  - maxDistance: 3.40282347e+38
    collisionSphereDistance: 3.40282347e+38
  - maxDistance: 3.40282347e+38
    collisionSphereDistance: 3.40282347e+38
  - maxDistance: 3.40282347e+38
    collisionSphereDistance: 3.40282347e+38
  - maxDistance: 3.40282347e+38
    collisionSphereDistance: 3.40282347e+38
  - maxDistance: 3.40282347e+38
    collisionSphereDistance: 3.40282347e+38
  - maxDistance: .200000003
    collisionSphereDistance: 0
  - maxDistance: .200000003
    collisionSphereDistance: 0
  - maxDistance: 3.40282347e+38
    collisionSphereDistance: 3.40282347e+38
  - maxDistance: 3.40282347e+38
    collisionSphereDistance: 3.40282347e+38
  - maxDistance: 3.40282347e+38
    collisionSphereDistance: 3.40282347e+38
  - maxDistance: 3.40282347e+38
    collisionSphereDistance: 3.40282347e+38
  - maxDistance: 3.40282347e+38
    collisionSphereDistance: 3.40282347e+38
  - maxDistance: 3.40282347e+38
    collisionSphereDistance: 3.40282347e+38
  - maxDistance: 3.40282347e+38
    collisionSphereDistance: 3.40282347e+38
  - maxDistance: 3.40282347e+38
    collisionSphereDistance: 3.40282347e+38
  - maxDistance: 3.40282347e+38
    collisionSphereDistance: 3.40282347e+38
  - maxDistance: .200000003
    collisionSphereDistance: 0
  - maxDistance: .200000003
    collisionSphereDistance: 0
  - maxDistance: 3.40282347e+38
    collisionSphereDistance: 3.40282347e+38
  - maxDistance: 3.40282347e+38
    collisionSphereDistance: 3.40282347e+38
  - maxDistance: 3.40282347e+38
    collisionSphereDistance: 3.40282347e+38
  - maxDistance: 3.40282347e+38
    collisionSphereDistance: 3.40282347e+38
  - maxDistance: 3.40282347e+38
    collisionSphereDistance: 3.40282347e+38
  - maxDistance: 3.40282347e+38
    collisionSphereDistance: 3.40282347e+38
  - maxDistance: 3.40282347e+38
    collisionSphereDistance: 3.40282347e+38
  - maxDistance: 3.40282347e+38
    collisionSphereDistance: 3.40282347e+38
  - maxDistance: 3.40282347e+38
    collisionSphereDistance: 3.40282347e+38
  - maxDistance: .200000003
    collisionSphereDistance: 0
  - maxDistance: .200000003
    collisionSphereDistance: 0
  - maxDistance: 3.40282347e+38
    collisionSphereDistance: 3.40282347e+38
  - maxDistance: 3.40282347e+38
    collisionSphereDistance: 3.40282347e+38
  - maxDistance: 3.40282347e+38
    collisionSphereDistance: 3.40282347e+38
  - maxDistance: 3.40282347e+38
    collisionSphereDistance: 3.40282347e+38
  - maxDistance: 3.40282347e+38
    collisionSphereDistance: 3.40282347e+38
  - maxDistance: 3.40282347e+38
    collisionSphereDistance: 3.40282347e+38
  - maxDistance: 3.40282347e+38
    collisionSphereDistance: 3.40282347e+38
  - maxDistance: 3.40282347e+38
    collisionSphereDistance: 3.40282347e+38
  - maxDistance: 3.40282347e+38
    collisionSphereDistance: 3.40282347e+38
  - maxDistance: .200000003
    collisionSphereDistance: 0
  - maxDistance: .200000003
    collisionSphereDistance: 0
  - maxDistance: 3.40282347e+38
    collisionSphereDistance: 3.40282347e+38
  - maxDistance: 3.40282347e+38
    collisionSphereDistance: 3.40282347e+38
  - maxDistance: 3.40282347e+38
    collisionSphereDistance: 3.40282347e+38
  - maxDistance: 3.40282347e+38
    collisionSphereDistance: 3.40282347e+38
  - maxDistance: 3.40282347e+38
    collisionSphereDistance: 3.40282347e+38
  - maxDistance: 3.40282347e+38
    collisionSphereDistance: 3.40282347e+38
  - maxDistance: 3.40282347e+38
    collisionSphereDistance: 3.40282347e+38
  - maxDistance: 3.40282347e+38
    collisionSphereDistance: 3.40282347e+38
  - maxDistance: 3.40282347e+38
    collisionSphereDistance: 3.40282347e+38
  - maxDistance: .200000003
    collisionSphereDistance: 0
  - maxDistance: .200000003
    collisionSphereDistance: 0
  - maxDistance: 3.40282347e+38
    collisionSphereDistance: 3.40282347e+38
  - maxDistance: 3.40282347e+38
    collisionSphereDistance: 3.40282347e+38
  - maxDistance: 3.40282347e+38
    collisionSphereDistance: 3.40282347e+38
  - maxDistance: 3.40282347e+38
    collisionSphereDistance: 3.40282347e+38
  - maxDistance: 3.40282347e+38
    collisionSphereDistance: 3.40282347e+38
  - maxDistance: 3.40282347e+38
    collisionSphereDistance: 3.40282347e+38
  - maxDistance: 3.40282347e+38
    collisionSphereDistance: 3.40282347e+38
  - maxDistance: 3.40282347e+38
    collisionSphereDistance: 3.40282347e+38
  - maxDistance: 3.40282347e+38
    collisionSphereDistance: 3.40282347e+38
  - maxDistance: .200000003
    collisionSphereDistance: 0
  - maxDistance: .200000003
    collisionSphereDistance: 0
  - maxDistance: 3.40282347e+38
    collisionSphereDistance: 3.40282347e+38
  - maxDistance: 3.40282347e+38
    collisionSphereDistance: 3.40282347e+38
  - maxDistance: 3.40282347e+38
    collisionSphereDistance: 3.40282347e+38
  - maxDistance: 3.40282347e+38
    collisionSphereDistance: 3.40282347e+38
  - maxDistance: 3.40282347e+38
    collisionSphereDistance: 3.40282347e+38
  - maxDistance: 3.40282347e+38
    collisionSphereDistance: 3.40282347e+38
  - maxDistance: 3.40282347e+38
    collisionSphereDistance: 3.40282347e+38
  - maxDistance: 3.40282347e+38
    collisionSphereDistance: 3.40282347e+38
  - maxDistance: 3.40282347e+38
    collisionSphereDistance: 3.40282347e+38
  - maxDistance: .200000003
    collisionSphereDistance: 0
  m_CapsuleColliders: []
  m_SphereColliders: []
--- !u!183 &18352408
Cloth:
  m_ObjectHideFlags: 1
  m_PrefabParentObject: {fileID: 0}
  m_PrefabInternal: {fileID: 100100000}
  m_GameObject: {fileID: 189954}
  m_Enabled: 1
  m_StretchingStiffness: .699999988
  m_BendingStiffness: .699999988
  m_UseTethers: 1
  m_UseGravity: 1
  m_Damping: 0
  m_ExternalAcceleration: {x: 10, y: 0, z: 20}
  m_RandomAcceleration: {x: 5, y: 0, z: 25}
  m_WorldVelocityScale: .5
  m_WorldAccelerationScale: 1
  m_Friction: .5
  m_CollisionMassScale: 0
  m_UseContinuousCollision: 1
  m_UseVirtualParticles: 1
  m_SolverFrequency: 120
  m_SleepThreshold: .100000001
  m_Coefficients:
  - maxDistance: .200000003
    collisionSphereDistance: 0
  - maxDistance: 3.40282347e+38
    collisionSphereDistance: 3.40282347e+38
  - maxDistance: 3.40282347e+38
    collisionSphereDistance: 3.40282347e+38
  - maxDistance: 3.40282347e+38
    collisionSphereDistance: 3.40282347e+38
  - maxDistance: 3.40282347e+38
    collisionSphereDistance: 3.40282347e+38
  - maxDistance: 3.40282347e+38
    collisionSphereDistance: 3.40282347e+38
  - maxDistance: 3.40282347e+38
    collisionSphereDistance: 3.40282347e+38
  - maxDistance: 3.40282347e+38
    collisionSphereDistance: 3.40282347e+38
  - maxDistance: 3.40282347e+38
    collisionSphereDistance: 3.40282347e+38
  - maxDistance: 3.40282347e+38
    collisionSphereDistance: 3.40282347e+38
  - maxDistance: .200000003
    collisionSphereDistance: 0
  - maxDistance: .200000003
    collisionSphereDistance: 0
  - maxDistance: 3.40282347e+38
    collisionSphereDistance: 3.40282347e+38
  - maxDistance: 3.40282347e+38
    collisionSphereDistance: 3.40282347e+38
  - maxDistance: 3.40282347e+38
    collisionSphereDistance: 3.40282347e+38
  - maxDistance: 3.40282347e+38
    collisionSphereDistance: 3.40282347e+38
  - maxDistance: 3.40282347e+38
    collisionSphereDistance: 3.40282347e+38
  - maxDistance: 3.40282347e+38
    collisionSphereDistance: 3.40282347e+38
  - maxDistance: 3.40282347e+38
    collisionSphereDistance: 3.40282347e+38
  - maxDistance: 3.40282347e+38
    collisionSphereDistance: 3.40282347e+38
  - maxDistance: 3.40282347e+38
    collisionSphereDistance: 3.40282347e+38
  - maxDistance: .200000003
    collisionSphereDistance: 0
  - maxDistance: .200000003
    collisionSphereDistance: 0
  - maxDistance: 3.40282347e+38
    collisionSphereDistance: 3.40282347e+38
  - maxDistance: 3.40282347e+38
    collisionSphereDistance: 3.40282347e+38
  - maxDistance: 3.40282347e+38
    collisionSphereDistance: 3.40282347e+38
  - maxDistance: 3.40282347e+38
    collisionSphereDistance: 3.40282347e+38
  - maxDistance: 3.40282347e+38
    collisionSphereDistance: 3.40282347e+38
  - maxDistance: 3.40282347e+38
    collisionSphereDistance: 3.40282347e+38
  - maxDistance: 3.40282347e+38
    collisionSphereDistance: 3.40282347e+38
  - maxDistance: 3.40282347e+38
    collisionSphereDistance: 3.40282347e+38
  - maxDistance: 3.40282347e+38
    collisionSphereDistance: 3.40282347e+38
  - maxDistance: .200000003
    collisionSphereDistance: 0
  - maxDistance: .200000003
    collisionSphereDistance: 0
  - maxDistance: 3.40282347e+38
    collisionSphereDistance: 3.40282347e+38
  - maxDistance: 3.40282347e+38
    collisionSphereDistance: 3.40282347e+38
  - maxDistance: 3.40282347e+38
    collisionSphereDistance: 3.40282347e+38
  - maxDistance: 3.40282347e+38
    collisionSphereDistance: 3.40282347e+38
  - maxDistance: 3.40282347e+38
    collisionSphereDistance: 3.40282347e+38
  - maxDistance: 3.40282347e+38
    collisionSphereDistance: 3.40282347e+38
  - maxDistance: 3.40282347e+38
    collisionSphereDistance: 3.40282347e+38
  - maxDistance: 3.40282347e+38
    collisionSphereDistance: 3.40282347e+38
  - maxDistance: 3.40282347e+38
    collisionSphereDistance: 3.40282347e+38
  - maxDistance: .200000003
    collisionSphereDistance: 0
  - maxDistance: .200000003
    collisionSphereDistance: 0
  - maxDistance: 3.40282347e+38
    collisionSphereDistance: 3.40282347e+38
  - maxDistance: 3.40282347e+38
    collisionSphereDistance: 3.40282347e+38
  - maxDistance: 3.40282347e+38
    collisionSphereDistance: 3.40282347e+38
  - maxDistance: 3.40282347e+38
    collisionSphereDistance: 3.40282347e+38
  - maxDistance: 3.40282347e+38
    collisionSphereDistance: 3.40282347e+38
  - maxDistance: 3.40282347e+38
    collisionSphereDistance: 3.40282347e+38
  - maxDistance: 3.40282347e+38
    collisionSphereDistance: 3.40282347e+38
  - maxDistance: 3.40282347e+38
    collisionSphereDistance: 3.40282347e+38
  - maxDistance: 3.40282347e+38
    collisionSphereDistance: 3.40282347e+38
  - maxDistance: .200000003
    collisionSphereDistance: 0
  - maxDistance: .200000003
    collisionSphereDistance: 0
  - maxDistance: 3.40282347e+38
    collisionSphereDistance: 3.40282347e+38
  - maxDistance: 3.40282347e+38
    collisionSphereDistance: 3.40282347e+38
  - maxDistance: 3.40282347e+38
    collisionSphereDistance: 3.40282347e+38
  - maxDistance: 3.40282347e+38
    collisionSphereDistance: 3.40282347e+38
  - maxDistance: 3.40282347e+38
    collisionSphereDistance: 3.40282347e+38
  - maxDistance: 3.40282347e+38
    collisionSphereDistance: 3.40282347e+38
  - maxDistance: 3.40282347e+38
    collisionSphereDistance: 3.40282347e+38
  - maxDistance: 3.40282347e+38
    collisionSphereDistance: 3.40282347e+38
  - maxDistance: 3.40282347e+38
    collisionSphereDistance: 3.40282347e+38
  - maxDistance: .200000003
    collisionSphereDistance: 0
  - maxDistance: .200000003
    collisionSphereDistance: 0
  - maxDistance: 3.40282347e+38
    collisionSphereDistance: 3.40282347e+38
  - maxDistance: 3.40282347e+38
    collisionSphereDistance: 3.40282347e+38
  - maxDistance: 3.40282347e+38
    collisionSphereDistance: 3.40282347e+38
  - maxDistance: 3.40282347e+38
    collisionSphereDistance: 3.40282347e+38
  - maxDistance: 3.40282347e+38
    collisionSphereDistance: 3.40282347e+38
  - maxDistance: 3.40282347e+38
    collisionSphereDistance: 3.40282347e+38
  - maxDistance: 3.40282347e+38
    collisionSphereDistance: 3.40282347e+38
  - maxDistance: 3.40282347e+38
    collisionSphereDistance: 3.40282347e+38
  - maxDistance: 3.40282347e+38
    collisionSphereDistance: 3.40282347e+38
  - maxDistance: .200000003
    collisionSphereDistance: 0
  - maxDistance: .200000003
    collisionSphereDistance: 0
  - maxDistance: 3.40282347e+38
    collisionSphereDistance: 3.40282347e+38
  - maxDistance: 3.40282347e+38
    collisionSphereDistance: 3.40282347e+38
  - maxDistance: 3.40282347e+38
    collisionSphereDistance: 3.40282347e+38
  - maxDistance: 3.40282347e+38
    collisionSphereDistance: 3.40282347e+38
  - maxDistance: 3.40282347e+38
    collisionSphereDistance: 3.40282347e+38
  - maxDistance: 3.40282347e+38
    collisionSphereDistance: 3.40282347e+38
  - maxDistance: 3.40282347e+38
    collisionSphereDistance: 3.40282347e+38
  - maxDistance: 3.40282347e+38
    collisionSphereDistance: 3.40282347e+38
  - maxDistance: 3.40282347e+38
    collisionSphereDistance: 3.40282347e+38
  - maxDistance: .200000003
    collisionSphereDistance: 0
  - maxDistance: .200000003
    collisionSphereDistance: 0
  - maxDistance: 3.40282347e+38
    collisionSphereDistance: 3.40282347e+38
  - maxDistance: 3.40282347e+38
    collisionSphereDistance: 3.40282347e+38
  - maxDistance: 3.40282347e+38
    collisionSphereDistance: 3.40282347e+38
  - maxDistance: 3.40282347e+38
    collisionSphereDistance: 3.40282347e+38
  - maxDistance: 3.40282347e+38
    collisionSphereDistance: 3.40282347e+38
  - maxDistance: 3.40282347e+38
    collisionSphereDistance: 3.40282347e+38
  - maxDistance: 3.40282347e+38
    collisionSphereDistance: 3.40282347e+38
  - maxDistance: 3.40282347e+38
    collisionSphereDistance: 3.40282347e+38
  - maxDistance: 3.40282347e+38
    collisionSphereDistance: 3.40282347e+38
  - maxDistance: .200000003
    collisionSphereDistance: 0
  - maxDistance: .200000003
    collisionSphereDistance: 0
  - maxDistance: 3.40282347e+38
    collisionSphereDistance: 3.40282347e+38
  - maxDistance: 3.40282347e+38
    collisionSphereDistance: 3.40282347e+38
  - maxDistance: 3.40282347e+38
    collisionSphereDistance: 3.40282347e+38
  - maxDistance: 3.40282347e+38
    collisionSphereDistance: 3.40282347e+38
  - maxDistance: 3.40282347e+38
    collisionSphereDistance: 3.40282347e+38
  - maxDistance: 3.40282347e+38
    collisionSphereDistance: 3.40282347e+38
  - maxDistance: 3.40282347e+38
    collisionSphereDistance: 3.40282347e+38
  - maxDistance: 3.40282347e+38
    collisionSphereDistance: 3.40282347e+38
  - maxDistance: 3.40282347e+38
    collisionSphereDistance: 3.40282347e+38
  - maxDistance: .200000003
    collisionSphereDistance: 0
  - maxDistance: .200000003
    collisionSphereDistance: 0
  - maxDistance: 3.40282347e+38
    collisionSphereDistance: 3.40282347e+38
  - maxDistance: 3.40282347e+38
    collisionSphereDistance: 3.40282347e+38
  - maxDistance: 3.40282347e+38
    collisionSphereDistance: 3.40282347e+38
  - maxDistance: 3.40282347e+38
    collisionSphereDistance: 3.40282347e+38
  - maxDistance: 3.40282347e+38
    collisionSphereDistance: 3.40282347e+38
  - maxDistance: 3.40282347e+38
    collisionSphereDistance: 3.40282347e+38
  - maxDistance: 3.40282347e+38
    collisionSphereDistance: 3.40282347e+38
  - maxDistance: 3.40282347e+38
    collisionSphereDistance: 3.40282347e+38
  - maxDistance: 3.40282347e+38
    collisionSphereDistance: 3.40282347e+38
  - maxDistance: .200000003
    collisionSphereDistance: 0
  m_CapsuleColliders: []
  m_SphereColliders: []
--- !u!183 &18368268
Cloth:
  m_ObjectHideFlags: 1
  m_PrefabParentObject: {fileID: 0}
  m_PrefabInternal: {fileID: 100100000}
  m_GameObject: {fileID: 124868}
  m_Enabled: 1
  m_StretchingStiffness: .699999988
  m_BendingStiffness: .699999988
  m_UseTethers: 1
  m_UseGravity: 1
  m_Damping: 0
  m_ExternalAcceleration: {x: 10, y: 0, z: 20}
  m_RandomAcceleration: {x: 5, y: 0, z: 25}
  m_WorldVelocityScale: .5
  m_WorldAccelerationScale: 1
  m_Friction: .5
  m_CollisionMassScale: 0
  m_UseContinuousCollision: 1
  m_UseVirtualParticles: 1
  m_SolverFrequency: 120
  m_SleepThreshold: .100000001
  m_Coefficients:
  - maxDistance: .200000003
    collisionSphereDistance: 0
  - maxDistance: 3.40282347e+38
    collisionSphereDistance: 3.40282347e+38
  - maxDistance: 3.40282347e+38
    collisionSphereDistance: 3.40282347e+38
  - maxDistance: 3.40282347e+38
    collisionSphereDistance: 3.40282347e+38
  - maxDistance: 3.40282347e+38
    collisionSphereDistance: 3.40282347e+38
  - maxDistance: 3.40282347e+38
    collisionSphereDistance: 3.40282347e+38
  - maxDistance: 3.40282347e+38
    collisionSphereDistance: 3.40282347e+38
  - maxDistance: 3.40282347e+38
    collisionSphereDistance: 3.40282347e+38
  - maxDistance: 3.40282347e+38
    collisionSphereDistance: 3.40282347e+38
  - maxDistance: 3.40282347e+38
    collisionSphereDistance: 3.40282347e+38
  - maxDistance: .200000003
    collisionSphereDistance: 0
  - maxDistance: .200000003
    collisionSphereDistance: 0
  - maxDistance: 3.40282347e+38
    collisionSphereDistance: 3.40282347e+38
  - maxDistance: 3.40282347e+38
    collisionSphereDistance: 3.40282347e+38
  - maxDistance: 3.40282347e+38
    collisionSphereDistance: 3.40282347e+38
  - maxDistance: 3.40282347e+38
    collisionSphereDistance: 3.40282347e+38
  - maxDistance: 3.40282347e+38
    collisionSphereDistance: 3.40282347e+38
  - maxDistance: 3.40282347e+38
    collisionSphereDistance: 3.40282347e+38
  - maxDistance: 3.40282347e+38
    collisionSphereDistance: 3.40282347e+38
  - maxDistance: 3.40282347e+38
    collisionSphereDistance: 3.40282347e+38
  - maxDistance: 3.40282347e+38
    collisionSphereDistance: 3.40282347e+38
  - maxDistance: .200000003
    collisionSphereDistance: 0
  - maxDistance: .200000003
    collisionSphereDistance: 0
  - maxDistance: 3.40282347e+38
    collisionSphereDistance: 3.40282347e+38
  - maxDistance: 3.40282347e+38
    collisionSphereDistance: 3.40282347e+38
  - maxDistance: 3.40282347e+38
    collisionSphereDistance: 3.40282347e+38
  - maxDistance: 3.40282347e+38
    collisionSphereDistance: 3.40282347e+38
  - maxDistance: 3.40282347e+38
    collisionSphereDistance: 3.40282347e+38
  - maxDistance: 3.40282347e+38
    collisionSphereDistance: 3.40282347e+38
  - maxDistance: 3.40282347e+38
    collisionSphereDistance: 3.40282347e+38
  - maxDistance: 3.40282347e+38
    collisionSphereDistance: 3.40282347e+38
  - maxDistance: 3.40282347e+38
    collisionSphereDistance: 3.40282347e+38
  - maxDistance: .200000003
    collisionSphereDistance: 0
  - maxDistance: .200000003
    collisionSphereDistance: 0
  - maxDistance: 3.40282347e+38
    collisionSphereDistance: 3.40282347e+38
  - maxDistance: 3.40282347e+38
    collisionSphereDistance: 3.40282347e+38
  - maxDistance: 3.40282347e+38
    collisionSphereDistance: 3.40282347e+38
  - maxDistance: 3.40282347e+38
    collisionSphereDistance: 3.40282347e+38
  - maxDistance: 3.40282347e+38
    collisionSphereDistance: 3.40282347e+38
  - maxDistance: 3.40282347e+38
    collisionSphereDistance: 3.40282347e+38
  - maxDistance: 3.40282347e+38
    collisionSphereDistance: 3.40282347e+38
  - maxDistance: 3.40282347e+38
    collisionSphereDistance: 3.40282347e+38
  - maxDistance: 3.40282347e+38
    collisionSphereDistance: 3.40282347e+38
  - maxDistance: .200000003
    collisionSphereDistance: 0
  - maxDistance: .200000003
    collisionSphereDistance: 0
  - maxDistance: 3.40282347e+38
    collisionSphereDistance: 3.40282347e+38
  - maxDistance: 3.40282347e+38
    collisionSphereDistance: 3.40282347e+38
  - maxDistance: 3.40282347e+38
    collisionSphereDistance: 3.40282347e+38
  - maxDistance: 3.40282347e+38
    collisionSphereDistance: 3.40282347e+38
  - maxDistance: 3.40282347e+38
    collisionSphereDistance: 3.40282347e+38
  - maxDistance: 3.40282347e+38
    collisionSphereDistance: 3.40282347e+38
  - maxDistance: 3.40282347e+38
    collisionSphereDistance: 3.40282347e+38
  - maxDistance: 3.40282347e+38
    collisionSphereDistance: 3.40282347e+38
  - maxDistance: 3.40282347e+38
    collisionSphereDistance: 3.40282347e+38
  - maxDistance: .200000003
    collisionSphereDistance: 0
  - maxDistance: .200000003
    collisionSphereDistance: 0
  - maxDistance: 3.40282347e+38
    collisionSphereDistance: 3.40282347e+38
  - maxDistance: 3.40282347e+38
    collisionSphereDistance: 3.40282347e+38
  - maxDistance: 3.40282347e+38
    collisionSphereDistance: 3.40282347e+38
  - maxDistance: 3.40282347e+38
    collisionSphereDistance: 3.40282347e+38
  - maxDistance: 3.40282347e+38
    collisionSphereDistance: 3.40282347e+38
  - maxDistance: 3.40282347e+38
    collisionSphereDistance: 3.40282347e+38
  - maxDistance: 3.40282347e+38
    collisionSphereDistance: 3.40282347e+38
  - maxDistance: 3.40282347e+38
    collisionSphereDistance: 3.40282347e+38
  - maxDistance: 3.40282347e+38
    collisionSphereDistance: 3.40282347e+38
  - maxDistance: .200000003
    collisionSphereDistance: 0
  - maxDistance: .200000003
    collisionSphereDistance: 0
  - maxDistance: 3.40282347e+38
    collisionSphereDistance: 3.40282347e+38
  - maxDistance: 3.40282347e+38
    collisionSphereDistance: 3.40282347e+38
  - maxDistance: 3.40282347e+38
    collisionSphereDistance: 3.40282347e+38
  - maxDistance: 3.40282347e+38
    collisionSphereDistance: 3.40282347e+38
  - maxDistance: 3.40282347e+38
    collisionSphereDistance: 3.40282347e+38
  - maxDistance: 3.40282347e+38
    collisionSphereDistance: 3.40282347e+38
  - maxDistance: 3.40282347e+38
    collisionSphereDistance: 3.40282347e+38
  - maxDistance: 3.40282347e+38
    collisionSphereDistance: 3.40282347e+38
  - maxDistance: 3.40282347e+38
    collisionSphereDistance: 3.40282347e+38
  - maxDistance: .200000003
    collisionSphereDistance: 0
  - maxDistance: .200000003
    collisionSphereDistance: 0
  - maxDistance: 3.40282347e+38
    collisionSphereDistance: 3.40282347e+38
  - maxDistance: 3.40282347e+38
    collisionSphereDistance: 3.40282347e+38
  - maxDistance: 3.40282347e+38
    collisionSphereDistance: 3.40282347e+38
  - maxDistance: 3.40282347e+38
    collisionSphereDistance: 3.40282347e+38
  - maxDistance: 3.40282347e+38
    collisionSphereDistance: 3.40282347e+38
  - maxDistance: 3.40282347e+38
    collisionSphereDistance: 3.40282347e+38
  - maxDistance: 3.40282347e+38
    collisionSphereDistance: 3.40282347e+38
  - maxDistance: 3.40282347e+38
    collisionSphereDistance: 3.40282347e+38
  - maxDistance: 3.40282347e+38
    collisionSphereDistance: 3.40282347e+38
  - maxDistance: .200000003
    collisionSphereDistance: 0
  - maxDistance: .200000003
    collisionSphereDistance: 0
  - maxDistance: 3.40282347e+38
    collisionSphereDistance: 3.40282347e+38
  - maxDistance: 3.40282347e+38
    collisionSphereDistance: 3.40282347e+38
  - maxDistance: 3.40282347e+38
    collisionSphereDistance: 3.40282347e+38
  - maxDistance: 3.40282347e+38
    collisionSphereDistance: 3.40282347e+38
  - maxDistance: 3.40282347e+38
    collisionSphereDistance: 3.40282347e+38
  - maxDistance: 3.40282347e+38
    collisionSphereDistance: 3.40282347e+38
  - maxDistance: 3.40282347e+38
    collisionSphereDistance: 3.40282347e+38
  - maxDistance: 3.40282347e+38
    collisionSphereDistance: 3.40282347e+38
  - maxDistance: 3.40282347e+38
    collisionSphereDistance: 3.40282347e+38
  - maxDistance: .200000003
    collisionSphereDistance: 0
  - maxDistance: .200000003
    collisionSphereDistance: 0
  - maxDistance: 3.40282347e+38
    collisionSphereDistance: 3.40282347e+38
  - maxDistance: 3.40282347e+38
    collisionSphereDistance: 3.40282347e+38
  - maxDistance: 3.40282347e+38
    collisionSphereDistance: 3.40282347e+38
  - maxDistance: 3.40282347e+38
    collisionSphereDistance: 3.40282347e+38
  - maxDistance: 3.40282347e+38
    collisionSphereDistance: 3.40282347e+38
  - maxDistance: 3.40282347e+38
    collisionSphereDistance: 3.40282347e+38
  - maxDistance: 3.40282347e+38
    collisionSphereDistance: 3.40282347e+38
  - maxDistance: 3.40282347e+38
    collisionSphereDistance: 3.40282347e+38
  - maxDistance: 3.40282347e+38
    collisionSphereDistance: 3.40282347e+38
  - maxDistance: .200000003
    collisionSphereDistance: 0
  - maxDistance: .200000003
    collisionSphereDistance: 0
  - maxDistance: 3.40282347e+38
    collisionSphereDistance: 3.40282347e+38
  - maxDistance: 3.40282347e+38
    collisionSphereDistance: 3.40282347e+38
  - maxDistance: 3.40282347e+38
    collisionSphereDistance: 3.40282347e+38
  - maxDistance: 3.40282347e+38
    collisionSphereDistance: 3.40282347e+38
  - maxDistance: 3.40282347e+38
    collisionSphereDistance: 3.40282347e+38
  - maxDistance: 3.40282347e+38
    collisionSphereDistance: 3.40282347e+38
  - maxDistance: 3.40282347e+38
    collisionSphereDistance: 3.40282347e+38
  - maxDistance: 3.40282347e+38
    collisionSphereDistance: 3.40282347e+38
  - maxDistance: 3.40282347e+38
    collisionSphereDistance: 3.40282347e+38
  - maxDistance: .200000003
    collisionSphereDistance: 0
  m_CapsuleColliders: []
  m_SphereColliders: []
--- !u!1001 &100100000
Prefab:
  m_ObjectHideFlags: 1
  serializedVersion: 2
  m_Modification:
    m_TransformParent: {fileID: 0}
    m_Modifications:
    - target: {fileID: 0}
      propertyPath: m_Enabled
      value: 0
      objectReference: {fileID: 0}
    - target: {fileID: 0}
      propertyPath: m_Constraints
      value: 126
      objectReference: {fileID: 0}
    - target: {fileID: 0}
      propertyPath: m_Layer
      value: 11
      objectReference: {fileID: 0}
    m_RemovedComponents: []
  m_ParentPrefab: {fileID: 0}
  m_RootGameObject: {fileID: 150174}
  m_IsPrefabParent: 1
